@article{vamathevan,
  title     = {Applications of machine learning in drug discovery and development},
  url       = {https://www.nature.com/articles/s41573-019-0024-5},
  journal   = {Nature News},
  publisher = {Nature Publishing Group},
  author    = {Vamathevan, Jessica and Clark, Dominic and Czodrowski, Paul and Dunham, Ian and Ferran, Edgardo and Lee, George and Li, Bin and Madabhushi, Anant and Shah, Parantu and Spitzer, Michaela and et al.},
  year      = {2019},
  month     = {Apr}
}